% Some of the example bibliographical entries below were borrowed from the
% <https://www.ctan.org/pkg/biblatex-iso690> package documentation.

% MITTELBACH, Frank; FISCHER, Ulrike. The LATEX Companion:
% Tools and Techniques for Computer Typesetting. 3rd ed. United States:
% Addison-Wesley Professional, 2023. isbn 978-0138166489.

@BOOK{mittelbach23,
  author    = {Frank Mittelbach and Ulrike Fischer}, % separate multiple authors with "and"
  date      = {2023-05-14},
  title     = {The \LaTeX{} Companion},
  subtitle  = {Tools and Techniques for Computer Typesetting},
  edition   = {3},
  location  = {United States},
  publisher = {Addison-Wesley Professional},
  pagetotal = {1984},
  isbn      = {978-0138166489},
  langid    = {english}
}

% BORGMAN, Christine L., 2003. From Gutenberg to the global information
% infrastructure: access to information in the networked world. 1st ed. Cambridge
% (Mass): The MIT Press. ISBN 0-262-52345-0 [xviii, 324]

@BOOK{borgman03,
  author    = {Borgman, Christine L.}, % use "," to denote surname ("Borgman")
  date      = {2003},
  title     = {From Gutenberg to the global information infrastructure},
  subtitle  = {access to information in the networked world},
  edition   = {1},
  location  = {Cambridge (Mass)},
  publisher = {The MIT Press},
  pagetotal = {xviii, 324},
  isbn      = {0-262-52345-0},
  langid    = {english}
}

% GREENBERG, David, 1998. Camel drivers and gatecrashers: quality control in
% the digital research library. In: HAWKINS, B.L et al. (eds.). The mirage of
% continuity: reconfiguring academic information resources for the 21st
% century.  Washington (D.C.): Council on Library and Information Resources;
% Association of American Universities, pp. 105–116

@INCOLLECTION{greenberg98,
  crossref  = {mirage98},
  author    = {Greenberg, David},
  title     = {Camel drivers and gatecrashers},
  subtitle  = {quality control in the digital research library},
  pages     = {105-116},
}

@COLLECTION{mirage98,
  title     = {The mirage of continuity},
  subtitle  = {reconfiguring academic information
               resources for the 21st century},
  editor    = {Hawkins, B.L and Battin, P}, % separate multiple editors with "and"
  date      = {1998},
  location  = {Washington (D.C.)},
  publisher = {Council on Library and Information Resources;
               Association of American Universities},
  langid    = {english}
}

% LYNCH, C., 2005. Where do we go from here?: the next decade for digital
% libraries. DLib Magazine [online]. Vol. 11, no. 7/8 [visited on 2005-08-15].
% ISSN 1082-9873.  Available from:
% http://www.dlib.org/dlib/july05/lynch/07lynch.html

@ARTICLE{lynch05,
  crossref = {dlib},
  author   = {Lynch, C.},
  title    = {Where do we go from here?},
  subtitle = {the next decade for digital libraries},
  url      = {http://www.dlib.org/dlib/july05/lynch/07lynch.html},
  urldate  = {2005-08-15}
}

@PERIODICAL{dlib,
  journaltitle = {DLib Magazine},
  date         = {2005},
  volume       = {11},
  number       = {7/8},
  issn         = {1082-9873},
  langid       = {english},
}

% HÀN, Thé Thành, 2001. Micro-typographic extensions to the TEX type- setting
% system [online]. Brno [visited on 2016-12-09]. Available from:
% http://www.pragma-ade.nl/pdftex/thesis.pdf. PhD thesis. The Faculty of
% Informatics, Masaryk University.

@PHDTHESIS{thanh01,
  author      = {Thành, Hàn Thé},
  title       = {Micro-typographic extensions to the \TeX{} typesetting system},
  date        = {2001},
  institution = {The Faculty of Informatics, Masaryk University},
  location    = {Brno},
  url         = {http://www.pragma-ade.nl/pdftex/thesis.pdf},
  urldate     = {2016-12-09},
  langid      = {english}
}

% SHANNON, Claude Elwood, 1940. A symbolic analysis of relay and switching
% circuits. Available from DOI: 1721.1/11173. Master’s thesis.  Massachusetts
% Institute of Technology.

@MASTERSTHESIS{shannon40,
  author      = {Shannon, Claude Elwood},
  title       = {A symbolic analysis of relay and switching circuits},
  date        = {1940},
  institution = {Massachusetts Institute of Technology},
  langid      = {english},
  doi         = {1721.1/11173},
}

% EHLINGER JR., Philip Charles. Device for the treatment of hiccups. US.
% US Patent, 7062320.

@PATENT{ehlinger06,
  author   = {Ehlinger Jr., Philip Charles},
  title    = {Device for the treatment of hiccups},
  type     = {US Patent},
  location = {US},
  date     = {2006},
  number   = {7062320},
  langid   = {english}
}

% Masaryk University, 1996–2009 [online]. Brno: Masaryk University
% [visited on 2016-12-09]. Available from: https://www.muni.cz/en.

@ONLINE{muni,
  publisher = {Masaryk University},
  title     = {Masaryk University},
  date      = {1996/2009},
  url       = {https://www.muni.cz/en},
  urldate   = {2016-12-09},
  location  = {Brno},
  langid    = {english}
}

%%%%%%%%%%%%%%%%%%%%%%%%%%%%%%%%%%%%%%%%%%%%%%%%%%%%%%%%%%%%%%%%%%%%%%%%%%%%%%%%%%%%%%%%%%%%%%%%%%%%%
%% CHAPTER 1

% Imatest about 
@ONLINE{ImatestAbout,
  publisher = {Imatest},
  title     = {Image Quality Factors (Key Performance Indicators)},
  date      = {2024},
  url       = {https://www.imatest.com/docs/iqfactors/},
  urldate   = {2024-05-03},
  langid    = {english}
}

% SFRplus test chart image
@ONLINE{ImatestSFRChart,
  publisher = {Imatest},
  title     = {Using SFRplus Part 1},
  date      = {2018},
  url       = {https://www.imatest.com/support/docs/23-2/sfrplus_instructions/},
  urldate   = {2024-06-03},
  langid    = {english}
}

@misc{ImatestDocumentation,
  author = {Imatest LLC},
  title = {Imatest Documentation},
  year = {2023},
  url = {https://www.imatest.com/docs/},
}

@ONLINE{DxomarkMethodology,
  author = {Dxomark},
  title = {Dxomark Testing Methodology},
  year = {2023},
  url = {https://www.dxomark.com/methodology/},
}

% DXomark testing lenses methodology
@ONLINE{DxomarkTestingLenses,
  publisher = {DxOMark Image Labs},
  title = {DXOMARK lens testing protocol and scores},
  date = {2021},
  url = {https://www.dxomark.com/dxomark-lens-camera-sensor-testing-protocol/},
  urldate   = {2024-05-03},
  langid    = {english}
}

% DXomark bokeh testing
@ARTICLE{DxomarkBokeh,
  publisher = {DxOMark Image Labs},
  author   = {Hauser, W. and Neveu, B. and Jourdain, J. and Viard, C. and Guichard, F.},
  title    = {Image quality benchmark of computational bokeh},
  url      = {https://corp.dxomark.com/wp-content/uploads/2018/02/2018_EI_Image-quality-benchmark-of-computational-bokeh_small.pdf},
  year = {2018},
  urldate  = {2024-08-03},
  langid    = {english}
}

% Gletscherbruch test
@ARTICLE{Gletscherbruch,
  publisher = {GLETSCHERBRUCH.DE},
  title    = {OBJEKTIVE AUF ZENTRIERUNG TESTEN},
  url      = {https://www.gletscherbruch.de/foto/test/dezentrierung/dezentrierung.html},
  year = {2007},
  urldate  = {2024-11-03},
  langid    = {english}
}

% ESF and LSF
@ARTICLE{ESF,
  publisher = {ORBIMAGE},
  author   = {K. Kohm},
  title    = {MODULATION TRANSFER FUNCTION MEASUREMENT METHOD AND RESULTS FOR THE ORBVIEW-3 HIGH RESOLUTION IMAGING SATELLITE},
  url      = {https://www.isprs.org/proceedings/xxxv/congress/comm1/papers/2.pdf},
  year = {2023},
  urldate  = {2024-10-03},
  langid    = {english}
}

% PSF description
@ARTICLE{PSFdescription,
publisher = {Zemax},
author = {Ken Moore},
year = {2021},
month = {03},
title = {What is a Point Spread Function?},
url      = {https://support.zemax.com/hc/en-us/articles/1500005576562-What-is-a-Point-Spread-Function},
urldate  = {2024-12-03},
langid    = {english}
}

% PSF example
@inproceedings{PSF,
author = {Madiba, Mapilane and Mulenga, François and Hildebrandt, Diane},
year = {2019},
month = {06},
pages = {},
title = {A review on correction methods to solve limited representativeness in mineralogical analysis of measured liberation data},
langid    = {english}
}

% MTF
@ONLINE{MTF,
publisher = {DxOMark Image Labs},
year = {2018},
title = {MTF},
url      = {https://www.dxomark.com/glossary/mtf-2/},
urldate  = {2024-11-03},
langid    = {english}
}

% MTF image from book old
@incollection{MTFimageBook,
editor = {S. N. Ahmed},
booktitle = {Physics and Engineering of Radiation Detection},
publisher = {Elsevier},
edition = {Second Edition},
pages = {435-475},
year = {2015},
isbn = {978-0-12-801363-2},
url = {https://www.sciencedirect.com/science/article/pii/B9780128013632000073},
author = {P. Bhattacharya and R. Fornari and Hiroshi Kamimura},
}

% MTF image example
@ONLINE{MTFimage,
title = {Introduction to Modulation Transfer Function},
publisher = {Edmund Optics},
url = {https://www.edmundoptics.com/knowledge-center/application-notes/optics/introduction-to-modulation-transfer-function/},
urldate  = {2024-11-03},
langid    = {english}
}

% OTF image example
% https://www.researchgate.net/figure/A-comparison-of-the-OTF-for-a-lens-with-spherical-aberration-calculated-using-Zemax-the_fig4_51919481
@article{OTFimage,
author = {Cossairt, Oliver and Miau, Daniel and Nayar, Shree},
year = {2011},
month = {12},
title = {Scaling law for computational imaging using spherical optics},
volume = {28},
journal = {Journal of the Optical Society of America. A, Optics, image science, and vision},
doi = {10.1364/JOSAA.28.002540}
}

% accutance 
% https://www.dxomark.com/glossary/acutance/
@ONLINE{accutance,
title = {Acutance},
publisher = {DxOMark Image Labs},
url = {https://www.dxomark.com/glossary/acutance/},
year = {2024},
urldate  = {2024-10-03},
langid    = {english}
}

% distortions 
@ONLINE{distortions,
title = {Image Quality Factors},
subtitle = {Distortion},
publisher = {Image Engineering},
url = {https://www.image-engineering.de/library/image-quality/factors/1062-distortion},
year = {2020},
urldate  = {2024-12-03},
langid    = {english}
}

% chromatic aberation 
@ONLINE{ChromaticAberation,
title = {What is Chromatic Aberration?},
author = {NASIM MANSUROV},
publisher = {Photography Life},
url = {https://photographylife.com/what-is-chromatic-aberration},
year = {2022},
urldate  = {2024-13-03},
langid    = {english}
}

% airy disks
@article{AiryDisk,
author = {Greg Hollows and Nicholas James},
publisher = {Edmund Optics},
title = {The Airy Disk and Diffraction Limit},
urldate  = {2024-13-03},
langid    = {english},
url = {https://www.edmundoptics.com/knowledge-center/application-notes/imaging/limitations-on-resolution-and-contrast-the-airy-disk/}
}

% aliasing
@ONLINE{Aliasing,
publisher = {Imatest LLC},
year = {2018},
title = {Nyquist frequency, Aliasing, and Color Moire},
urldate  = {2024-12-03},
langid    = {english},
url = {https://www.imatest.com/docs/nyquist-aliasing/}
}

% focus breathing
@ONLINE{FocusBreathing,
publisher = {Adorama Camera, Inc.},
author = {Austin James Jackson},
year = {2023},
title = {What is Focus Breathing?},
urldate  = {2024-13-03},
langid    = {english},
url = {https://www.adorama.com/alc/learn-how-to-use-focus-breathing/}
}

% sift
@ONLINE{Sift,
publisher = {Adorama Camera, Inc.},
author = {David Svoboda and Tom´aˇs Majtner},
year = {2019},
title = {Filters in Image Processing},
subtitle = {Analysing Images through Visual Descriptors},
urldate  = {2024-12-03},
langid    = {english},
url = {https://is.muni.cz/el/fi/podzim2019/PA171/um/lectures/11-lecture.pdf}
}

%%%%%%%%%%%%%%%%%%%%%%%%%%%%%%%%%%%%%%%%%%%%%%%%%%%%%%%%%%%%%%%%%%%%%%%%%%%%%%%%%%%%%%%%%%%%%%%%%%%%%
%% CHAPTER METHODOLOGY

% gaussian blur
@ONLINE{gaussian,
author = {R. Fisher and S. Perkins and A. Walker and E. Wolfart.},
year = {2003},
publisher = {The University of Edinburgh},
title = {Gaussian Smoothing},
urldate  = {2024-20-04},
langid    = {english},
url = {https://homepages.inf.ed.ac.uk/rbf/HIPR2/gsmooth.htm}
}

%%%%%%%%%%%%%%%%%%%%%%%%%%%%%%%%%%%%%%%%%%%%%%%%%%%%%%%%%%%%%%%%%%%%%%%%%%%%%%%%%%%%%%%%%%%%%%%%%%%%%
%% CHAPTER IMPLEMENTATION

% open cv
@ONLINE{opencv,
publisher = {OpenCV team},
title = {OpenCV},
subtitle = {Introduction},
urldate  = {2024-14-04},
langid    = {english},
url = {https://docs.opencv.org/4.x/d1/dfb/intro.html}
}

% numpy
@ONLINE{numpy,
publisher = {NumPy Developers},
title = {What is NumPy?},
urldate  = {2024-15-04},
langid    = {english},
url = {https://numpy.org/doc/stable/user/whatisnumpy.html}
}

% scikit image
@ONLINE{scikit,
publisher = {the scikit-image team},
title = {scikit-image’s documentation},
urldate  = {2024-14-04},
langid    = {english},
url = {https://scikit-image.org/docs/stable/}
}

% matplotlib
@ONLINE{matplotlib,
publisher = {The Matplotlib development team},
title = {Quick start guide},
urldate  = {2024-16-04},
langid    = {english},
url = {https://matplotlib.org/stable/users/explain/quick_start.html}
}

% nice gui
@ONLINE{nicegui,
publisher = {NiceGUI},
title = {NiceGUI Documentation},
urldate  = {2024-18-04},
langid    = {english},
url = {https://nicegui.io/documentation}
}